<?xml version="1.0" encoding="utf-8"?>
<record xmlns="http://www.loc.gov/MARC21/slim" xmlns:xsi="http://www.w3.org/2001/XMLSchema-instance" xsi:schemaLocation="http://www.loc.gov/MARC21/slim http://www.loc.gov/standards/marcxml/schema/MARC21slim.xsd">
	<leader>     nam a22     Mi 4500</leader>
	<controlfield tag="001">862808</controlfield>
	<controlfield tag="003">NjP</controlfield>
	<controlfield tag="006">m        d        </controlfield>
	<controlfield tag="007">cr cn |||m|||a</controlfield>
	<controlfield tag="008">210310s1886    ua      o     000 0 ara d</controlfield>
	<datafield ind1=" " ind2=" " tag="040">
		<subfield code="a">ZYU</subfield>
		<subfield code="b">ara</subfield>
		<subfield code="e">rda</subfield>
		<subfield code="c">ZYU</subfield>
	</datafield>
	<datafield ind1="1" ind2=" " tag="100">
		<subfield code="6">880-01</subfield>
		<subfield code="a">Fattanī, ʻAbd al-Mālik ibn ʻAbd al-Wahhāb,</subfield>
		<subfield code="d">1839 or 1840-1909 or 1910.</subfield>
	</datafield>
	<datafield ind1="1" ind2="0" tag="240">
		<subfield code="6">880-02</subfield>
		<subfield code="a">Maṭālib al-ḥissān fī umūr al-Dīn wa-shaʻb al-imān</subfield>
	</datafield>
	<datafield ind1="1" ind2="3" tag="245">
		<subfield code="6">880-03</subfield>
		<subfield code="a">al-Ḥawāshī al-jalīlah ʻalá al-muqaddamah al-badīʻah al-jamīlahal-musammāh bi-al-maṭālib al-ḥissan fī umūr al-Dīn wa-shaʻb al-imān /</subfield>
		<subfield code="c">kilahumā taʼlīf al-Shaykh ʻAbd al-Mālik al-Fattanī.</subfield>
	</datafield>
	<datafield ind1=" " ind2=" " tag="250">
		<subfield code="6">880-04</subfield>
		<subfield code="a">al-Ṭabʻah 1.</subfield>
	</datafield>
	<datafield ind1=" " ind2=" " tag="260">
		<subfield code="6">880-05</subfield>
		<subfield code="a">Miṣr :</subfield>
		<subfield code="b">Maṭbaʻah al-Kubrá al-Mīrīyah,</subfield>
		<subfield code="c">1304 [1886 or 1887]</subfield>
	</datafield>
	<datafield ind1=" " ind2=" " tag="300">
		<subfield code="a">online resource (108 pages)</subfield>
	</datafield>
	<datafield ind1=" " ind2=" " tag="336">
		<subfield code="a">text</subfield>
		<subfield code="2">rdacontent</subfield>
	</datafield>
	<datafield ind1=" " ind2=" " tag="337">
		<subfield code="a">computer</subfield>
		<subfield code="2">rdamedia</subfield>
	</datafield>
	<datafield ind1=" " ind2=" " tag="338">
		<subfield code="a">online resource</subfield>
		<subfield code="2">rdacarrier</subfield>
	</datafield>
	<datafield ind1=" " ind2=" " tag="500">
		<subfield code="a">Part of the Arabic Collections Online (ACO) project, contributed by Princeton University Libraries.</subfield>
	</datafield>
	<datafield ind1=" " ind2=" " tag="533">
		<subfield code="a">Electronic reproduction.</subfield>
		<subfield code="b">New York, N.Y. :</subfield>
		<subfield code="c">New York University,</subfield>
		<subfield code="d">2021.</subfield>
		<subfield code="5">NNU</subfield>
	</datafield>
	<datafield ind1=" " ind2="0" tag="650">
		<subfield code="a">Arabic language</subfield>
		<subfield code="x">Grammar.</subfield>
	</datafield>
	<datafield ind1=" " ind2="7" tag="650">
		<subfield code="a">Arabic language</subfield>
		<subfield code="x">Grammar.</subfield>
		<subfield code="2">fast</subfield>
		<subfield code="0">(OCoLC)fst00812341</subfield>
	</datafield>
	<datafield ind1="2" ind2=" " tag="710">
		<subfield code="a">Princeton University.</subfield>
		<subfield code="b">Library.</subfield>
	</datafield>
	<datafield ind1="0" ind2=" " tag="730">
		<subfield code="a">Arabic Collections Online.</subfield>
	</datafield>
	<datafield ind1="0" ind2="8" tag="776">
		<subfield code="i">Online version:</subfield>
		<subfield code="a">Fattanī, ʻAbd al-Mālik ibn ʻAbd al-Wahhāb, 1839 or 40-1909 or 10.</subfield>
		<subfield code="s">Maṭ⁻alib al-ḥiss⁻an f⁻i um⁻ur al-D⁻in wa-shaʻb al-⁻im⁻an.</subfield>
		<subfield code="t">Ḥaw⁻ash⁻i al-jal⁻ilah ʻalá al-muqaddamah al-bad⁻iʻah al-jam⁻ilahal-musamm⁻ah bi-al-maṭ⁻alib al-ḥissan f⁻i um⁻ur al-D⁻in wa-shaʻb al-im⁻an.</subfield>
		<subfield code="b">al-Ṭabʻah 1.</subfield>
		<subfield code="d">Miṣr : Maṭbaʻah al-Kubrá al-M⁻ir⁻iyah, 1304 [1886 or 1887]</subfield>
		<subfield code="w">(OCoLC)656298236</subfield>
	</datafield>
	<datafield ind1="0" ind2="8" tag="776">
		<subfield code="i">Print version:</subfield>
		<subfield code="a">Fattanī, ʻAbd al-Mālik ibn ʻAbd al-Wahhāb, 1839 or 1840-1909 or 1910.</subfield>
		<subfield code="t">al-Ḥawāshī al-jalīlah ʻalá al-muqaddamah al-badīʻah al-jamīlahal-musammāh bi-al-maṭālib al-ḥissan fī umūr al-Dīn wa-shaʻb al-imān</subfield>
		<subfield code="w">(NjP)862808</subfield>
		<subfield code="w">(OCoLC)29834748</subfield>
	</datafield>
	<datafield ind1="4" ind2="0" tag="856">
		<subfield code="u">http://hdl.handle.net/2333.1/gmsbcp6z</subfield>
	</datafield>
	<datafield ind1="1" ind2=" " tag="880">
		<subfield code="6">100-01</subfield>
		<subfield code="a">فتني، عبد المالك بن عبد الوهاب،</subfield>
		<subfield code="d">1839 or 1840-1909 or 1910.</subfield>
	</datafield>
	<datafield ind1="1" ind2="0" tag="880">
		<subfield code="6">240-02</subfield>
		<subfield code="a">مطالب الحسان في امور الدين وشعب الايمان</subfield>
	</datafield>
	<datafield ind1="1" ind2="2" tag="880">
		<subfield code="6">245-03</subfield>
		<subfield code="a">الحواشي الجليلة على المقدمة البديعة الجميله المسماة بالمطالب الحسان في امور الدين وشعب الايمان /</subfield>
		<subfield code="c">كلهما تأليف الشيخ عبد المالك الفتني.</subfield>
	</datafield>
	<datafield ind1=" " ind2=" " tag="880">
		<subfield code="6">250-04</subfield>
		<subfield code="a">الطبعة 1.</subfield>
	</datafield>
	<datafield ind1=" " ind2=" " tag="880">
		<subfield code="6">260-05</subfield>
		<subfield code="a">مصر :</subfield>
		<subfield code="b">مطبعة الكبرى الميرية،</subfield>
		<subfield code="c">1304 [1886 or 1887]</subfield>
	</datafield>
	<datafield ind1=" " ind2=" " tag="959">
		<subfield code="a">NNU</subfield>
		<subfield code="b">WEB</subfield>
		<subfield code="c">GENI</subfield>
		<subfield code="t">0</subfield>
		<subfield code="m">Electronic access</subfield>
		<subfield code="s">01</subfield>
	</datafield>
	<datafield ind1=" " ind2=" " tag="999">
		<subfield code="i">NjP_862808</subfield>
		<subfield code="o">(OCoLC)ocm29834748</subfield>
		<subfield code="s">princeton_aco004130:</subfield>
		<subfield code="e">(ERROR-MISC)</subfield>
		<subfield code="s">princeton_aco004130:</subfield>
	</datafield>
</record>
